<?xml version="1.0" encoding="UTF-8"?>
<collection xmlns:xsi="http://www.w3.org/2001/XMLSchema-instance" xsi:schemaLocation="http://www.loc.gov/MARC21/slim http://www.loc.gov/standards/marcxml/schema/MARC21slim.xsd" xmlns="http://www.loc.gov/MARC21/slim">
<record>
  <leader>01127cam a2200253Ia 4500</leader>
  <controlfield tag="001">5249203</controlfield>
  <controlfield tag="003">NNC</controlfield>
  <controlfield tag="005">20151221160830.0</controlfield>
  <controlfield tag="008">910516s1962    ir af    b    000 0 arard</controlfield>
  <datafield tag="035" ind1=" " ind2=" ">
    <subfield code="a">(OCoLC)ocm23752953</subfield>
  </datafield>
  <datafield tag="035" ind1=" " ind2=" ">
    <subfield code="a">(NNC)5249203</subfield>
  </datafield>
  <datafield tag="040" ind1=" " ind2=" ">
    <subfield code="a">MNU</subfield>
    <subfield code="c">MNU</subfield>
    <subfield code="d">OCL</subfield>
    <subfield code="d">ZCU</subfield>
  </datafield>
  <datafield tag="099" ind1=" " ind2=" ">
    <subfield code="a">892.88</subfield>
    <subfield code="a">T23 no.695A</subfield>
  </datafield>
  <datafield tag="100" ind1="1" ind2=" ">
    <subfield code="a">ʻAyn al-Quḍāh al-Hamadhānī, ʻAbd Allāh ibn Muḥammad,</subfield>
    <subfield code="d">-1131.</subfield>
  </datafield>
  <datafield tag="240" ind1="1" ind2="0">
    <subfield code="a">Shakwā al-gharīb ʻan al-awtān</subfield>
  </datafield>
  <datafield tag="245" ind1="1" ind2="0">
    <subfield code="a">Risālat Shakwá al-gharīb /</subfield>
    <subfield code="c">li-Abī al-Maʻālī ʻAbd Allāh ibn Muḥammad ibn ʻAlī ibn al-Ḥasan ibn ʻAlī al-Mayānjī al-Hamadhānī al-mulaqqab bi-ʻAyn al-Quḍāh ; qaddama lahu wa-ḥaqqaqa matnihi, ʻAfīf ʻUsayrān.</subfield>
  </datafield>
  <datafield tag="260" ind1=" " ind2=" ">
    <subfield code="a">Ṭihrān :</subfield>
    <subfield code="b">Maṭbaʻat Jāmiʻat Ṭihrān,</subfield>
    <subfield code="c">1962.</subfield>
  </datafield>
  <datafield tag="300" ind1=" " ind2=" ">
    <subfield code="a">38, 51 p., [3] leaves of plates :</subfield>
    <subfield code="b">ill. ;</subfield>
    <subfield code="c">24 cm.</subfield>
  </datafield>
  <datafield tag="490" ind1="1" ind2=" ">
    <subfield code="a">Intishārāt-i Dānishgāh-i Tihrān ;</subfield>
    <subfield code="v">695</subfield>
  </datafield>
  <datafield tag="504" ind1=" " ind2=" ">
    <subfield code="a">Includes bibliographical references.</subfield>
  </datafield>
  <datafield tag="650" ind1=" " ind2="0">
    <subfield code="a">Sufism</subfield>
    <subfield code="v">Early works to 1800.</subfield>
  </datafield>
  <datafield tag="700" ind1="1" ind2=" ">
    <subfield code="a">ʻUsayrān, ʻAfīf.</subfield>
  </datafield>
  <datafield tag="830" ind1=" " ind2="0">
    <subfield code="a">Publications de l'Université de Tehran ;</subfield>
    <subfield code="v">no 695.</subfield>
  </datafield>
  <datafield tag="955" ind1=" " ind2=" ">
    <subfield code="b">0026810573</subfield>
    <subfield code="d">glx</subfield>
    <subfield code="e">892.88 T23 no.695A</subfield>
  </datafield>
</record>
</collection>